% This file was created with JabRef 2.6.
% Encoding: UTF8


@ONLINE{jit-compilation,
  title =  {JVM JIT optimization techniques}, 
  urldate = {2016-05-27},
  url = {https://advancedweb.hu/jvm-jit-optimization-techniques/?fbclid=IwAR0cJJjrIi5m3byd3zohIuV-UwEYovLe29U6nhG5GNo66pz7jmONokYEbRQ},
  hyphenation={english} 
}

@ONLINE{spravce-pameti,
  title =  {Pohled pod kapotu JVM – základy optimalizace aplikací naprogramovaných v Javě}, 
  urldate = {2013-09-10},
  url = {https://www.root.cz/clanky/pohled-pod-kapotu-jvm-zaklady-optimalizace-aplikaci-naprogramovanych-v-jave/},
  hyphenation={czech} 
}

@ONLINE{optimalizace-jvm,
  title =  {Pohled pod kapotu JVM – základy optimalizace aplikací naprogramovaných v Javě (5)}, 
  urldate = {2013-10-15},
  url = {https://www.root.cz/clanky/pohled-pod-kapotu-jvm-zaklady-optimalizace-aplikaci-naprogramovanych-v-jave-5-1/},
  hyphenation={czech} 
}

@ONLINE{debugger,
  author = "{Přispěvatelé Wikipedie}",
  title =  {Debugger}, 
  publisher = {Wikipedie: Otevřená encyklopedie.},
  date = {2022-04-28},
  url = {https://cs.wikipedia.org/w/index.php?title=Java_(platforma)&oldid=22434781},
  urldate = {2023-02-10},
  hyphenation={czech} 
}

@ONLINE{java-platform,
  author = "{Přispěvatelé Wikipedie}",
  title =  {Java (platforma)}, 
  publisher = {Wikipedie: Otevřená encyklopedie.},
  date = {2023-05-19},
  url = {https://cs.wikipedia.org/w/index.php?title=Debugger&oldid=21202859},
  urldate = {2022-09-18},
  hyphenation={czech} 
}

@ONLINE{metacompilation,
  author = "{Přispěvatelé Wikipedie}",
  title =  {Metacompilation}, 
  publisher = {Wikipedie: Otevřená encyklopedie.},
  date = {2022-06-25},
  url = {https://en.wikipedia.org/w/index.php?title=Metacompilation&oldid=1094965480},
  urldate = {2022-09-19},
  hyphenation={english} 
}

@ONLINE{linear-register-allocation,
  title =  {A Quick Introduction to Register Allocation}, 
  urldate = {2013-10-15},
  url = {https://hassamuddin.com/blog/reg-alloc/},
  hyphenation={english} 
}

@ONLINE{zakladni-blok-programu,
  title =  {Základní blok programu}, 
  urldate = {2013-10-15},
  url = {https://soubor.inf.upol.cz/ws-public/Vyuka-na-Windows/Arno\%C5\%A1t\%20Ve\%C4\%8Derka/PRKL},
  hyphenation={czech} 
}

@ONLINE{tiered-compilation,
  title =  {Tiered Compilation in JVM}, 
  urldate = {2021-06-12},
  url = {https://www.baeldung.com/jvm-tiered-compilation?fbclid=IwAR1tBSyf_Qv5tT6vWzVAjk1aTcor7eiHw2wiZiqkon4T-g6mPMY3YP4w6Mw},
  hyphenation={czech} 
}

@ONLINE{project-loom,
  title =  {Loom - Fibers, Continuations and Tail-Calls for the JVM}, 
  urldate = {2023-04-12},
  url = {https://openjdk.org/projects/loom/},
  hyphenation={english} 
}

@ONLINE{mumbler,
  title =  {Writing a Language in Truffle. Part 1: A Simple, Slow Interpreter}, 
  urldate = {2013-10-13},
  url = {http://cesquivias.github.io/blog/2014/10/13/writing-a-language-in-truffle-part-1-a-simple-slow-interpreter/#mumbler-language},
  hyphenation={english} 
}

@ONLINE{repl,
  title =  {Co je to REPL (Read-Eval-Print-Loop)?}, 
  urldate = {2023-04-29},
  url = {https://it-slovnik.cz/pojem/repl/?utm_source=cp&utm_medium=link&utm_campaign=cp/?utm_source=cp&utm_medium=link&utm_campaign=cp},
  hyphenation={czech} 
}

@ONLINE{antlr,
  title =  {What is ANTLR?}, 
  urldate = {2023-04-29},
  url = {https://www.antlr.org/},
  hyphenation={english} 
}

@ONLINE{performace-graph,
  title =  {Truffle/Graal:From Interpreters to Optimizing Compilers via Partial Evaluation}, 
  urldate = {2020-01-29},
  url = {https://www.cs.cmu.edu/~aldrich/courses/17-396/slides/truffle.pdf},
  hyphenation={english} 
}

@ONLINE{truffle-clojure,
  title =  {TruffleClojure: A self-optimizing AST-Interpreter for Clojure}, 
  urldate = {2015-06-10},
  url = {https://epub.jku.at/obvulihs/download/pdf/501665?originalFilename=true},
  hyphenation={english} 
}

@article{meta-tracing,
    author = {Bolz, Carl Friedrich and Tratt, Laurence},
    title = {The impact of meta-tracing on {VM} design and implementation},
    journal = {SCICO},
    year = {2015},
    month = Feb,
    pages = {408-421},
    doi = {10.1016/j.scico.2013.02.001},
}


@ONLINE{ssa,
  author = "{Přispěvatelé Wikipedie}",
  title =  {Static single-assignment form}, 
  publisher = {Wikipedie: Otevřená encyklopedie.},
  date = {2022-09-27},
  url = {https://en.wikipedia.org/w/index.php?title=Static_single-assignment_form&oldid=1112620046},
  urldate = {2022-10-11},
  hyphenation={english} 
}

@article{PICs,
author = {Hlzle, Urs and Chambers, Craig and Ungar, David},
year = {1999},
month = {11},
pages = {21-38},
title = {Optimizing Dynamically-Typed Object-Oriented Languages With Polymorphic Inline Caches}
}


@inproceedings{one-vm-to-rule-them-all,
author = {W\"{u}rthinger, Thomas and Wimmer, Christian and W\"{o}\ss{}, Andreas and Stadler, Lukas and Duboscq, Gilles and Humer, Christian and Richards, Gregor and Simon, Doug and Wolczko, Mario},
title = {One VM to Rule Them All},
year = {2013},
publisher = {Association for Computing Machinery},
address = {New York, NY, USA},
url = {https://doi.org/10.1145/2509578.2509581},
doi = {10.1145/2509578.2509581},
pages = {187–204},
numpages = {18},
keywords = {javascript, java, dynamic languages, optimization, language implementation, virtual machine},
location = {Indianapolis, Indiana, USA},
series = {Onward! 2013}
}

@ONLINE{legacy-macro-support,
  title =  {Legacy macro support}, 
  urldate = {2022-03-22},
  url = {https://docs.racket-lang.org/compatibility/defmacro.html},
  hyphenation={english} 
}

@ONLINE{paradigmata-programovani1b,
  title =  {Paradigmata programování 1B}, 
  author = {Jan Konečný, Vilém Vychodil},
  urldate = {2008-03-20},
  url = {https://phoenix.inf.upol.cz/esf/ucebni/pp1b.pdf},
  hyphenation={czech} 
}

@ONLINE{paradigmata-programovani1a,
  title =  {Paradigmata programování 1A}, 
  author = {Jan Konečný, Vilém Vychodil},
  urldate = {2008-03-20},
  url = {https://phoenix.inf.upol.cz/esf/ucebni/pp1a.pdf},
  hyphenation={czech} 
}

@ONLINE{guile3-release,
  title =  {GNU Guile 3.0.0 released}, 
  urldate = {2020-01-16},
  url = {https://lists.gnu.org/archive/html/guile-devel/2020-01/msg00080.html},
  hyphenation={english} 
}

@ONLINE{guile3-jit,
  title =  {Just-In-Time Native Code}, 
  urldate = {2020-02-18},
  url = {https://www.gnu.org/software/guile/manual/html_node/Just_002dIn_002dTime-Native-Code.html},
  hyphenation={english} 
}


@ONLINE{truffle-libraries-guide,
  title =  {Truffle Library Guide}, 
  urldate = {2023-03-23},
  url = {https://www.graalvm.org/latest/graalvm-as-a-platform/language-implementation-framework/TruffleLibraries/},
  hyphenation={english} 
}

@inproceedings{graal-ir,
author = {Duboscq, Gilles and Stadler, Lukas and Wuerthinger, Thomas and Simon, Doug and Wimmer, Christian and Mössenböck, Hanspeter},
year = {2013},
month = {02},
pages = {},
title = {Graal IR: An Extensible Declarative Intermediate Representation}
}


@article{trampile-jvm-elimination-techniques,
author = {Schinz, Michel and Odersky, Martin},
year = {2001},
month = {11},
pages = {158-171},
title = {Tail Call Elimination on the Java Virtual Machine},
volume = {59},
journal = {Electronic Notes in Theoretical Computer Science},
doi = {10.1016/S1571-0661(05)80459-1}
}

@phdthesis{truffle-dsl-thesis,
author = {Humer, Christian},
year = {2016},
month = {09},
pages = {},
title = {Truffle DSL: A DSL for Building Self-Optimizing AST Interpreters},
doi = {10.13140/RG.2.2.23639.52646}
}


@ONLINE{truffle-pe-presentation,
  title =  {Truffle/Graal: From Interpreters to Optimizing Compilers via Partial Evaluation}, 
  urldate = {2020-04-07},
  url = {https://www.cs.cmu.edu/~aldrich/courses/17-396/slides/truffle.pdf},
  hyphenation={english} 
}

@ONLINE{specialization-intro-adam-ruka,
  title =  {Graal Truffle tutorial part 2 – introduction to specializations}, 
  urldate = {2020-11-16},
  url = {https://www.endoflineblog.com/graal-truffle-tutorial-part-2-introduction-to-specializations},
  hyphenation={english} 
}

@ONLINE{lombok-adam-ruka,
  title =  {Graal Truffle tutorial part 3 – specializations with Truffle DSL, TypeSystem}, 
  urldate = {2021-01-05},
  url = {https://www.endoflineblog.com/graal-truffle-tutorial-part-3-specializations-with-truffle-dsl-typesystem},
  hyphenation={english} 
}

@ONLINE{side-effect,
  author = "{Přispěvatelé Wikipedie}",
  title =  {Vedlejší účinek (programování)}, 
  publisher = {Wikipedie: Otevřená encyklopedie.},
  date = {2022-06-27},
  url = {https://cs.wikipedia.org/w/index.php?title=Vedlej\%C5\%A1\%C3\%AD_\%C3\%BA\%C4\%8Dinek_(programov\%C3\%A1n\%C3\%AD)&oldid=21420540},
  urldate = {2023-02-10},
  hyphenation={czech} 
}

@inproceedings{clojure-jvm,
author = {Hickey, Rich},
year = {2008},
month = {07},
pages = {1},
title = {The Clojure programming language},
doi = {10.1145/1408681.1408682}
}

@article{scala-jvm,
author = {Odersky, Martin and Altherr, Philippe and Cremet, Vincent and Emir, Burak and Maneth, Sebastian and Micheloud, Stéphane and Mihaylov, Nikolay and Schinz, Michel and Stenman, Erik and Zenger, Matthias},
year = {2008},
month = {12},
title = {An Overview of the Scala Programming Language}
}

@book{ruby-jvm,
author = {Shaughnessy, Pat},
title = {Ruby Under a Microscope: An Illustrated Guide to Ruby Internals},
year = {2013},
isbn = {1593275277},
publisher = {No Starch Press},
address = {USA}
}


@ONLINE{recur-doc,
  title =  {ClojureDocs - recur}, 
  urldate = {2023-08-01},
  url = {https://clojuredocs.org/clojure.core/recur},
  hyphenation={english} 
}


@inproceedings{javascript-speed-v8-engine,
author = {Gaikwad, Swapnil and Nisbet, Andy and Luján, Mikel},
year = {2018},
month = {09},
pages = {1-12},
title = {Performance analysis for languages hosted on the truffle framework},
doi = {10.1145/3237009.3237019}
}